@online{TypeScript,
  author = {Microsoft Corporation},
  title = {TypeScript: JavaScript With Syntax for Types.},
  url = {https://www.typescriptlang.org/},
  urldate = {2022-03-04}
}
@online{TypeScriptForJSDevelopers,
  author = {Microsoft Corporation},
  title = {TypeScript for JavaScript Programmers},
  url = {https://www.typescriptlang.org/docs/handbook/typescript-in-5-minutes.html},
  urldate = {2022-03-04}
}
@online{VueIntroduction,
  author = {Evan You},
  title = {Introduction},
  url = {https://vuejs.org/guide/introduction.html},
  urldate = {2022-03-04}
}
@online{VueComponentBasics,
  author = {Evan You},
  title = {Components Basics},
  url = {https://vuejs.org/guide/essentials/component-basics.html},
  urldate = {2022-03-04}
}
